@article{Sestakova2018,
  author = {Eliška Šestáková and Jan Janoušek},
  journal = {Information},
  title = {Automata Approach to XML Data Indexing},
  year = {2018},
  volume = {9},
  number = {1},
  ISSN = {2078-2489},
  medium = {online},
  accessed = {2019-03-26},
  DOI = {10.3390/info9010012},
  URL = {http://www.mdpi.com/2078-2489/9/1/12},
}

@book{Crochemore2002,
  author = {Maxime Crochemore and Wojciech Rytter},
  title = {Jewels of stringology},
  publisher = {World Scientific},
  address = {River Edge, NJ},
  year = {2002},
  ISBN = {978-9810247829},
}

@book{Motwani2014,
  author = {Rajeev Motwani and Jeffrey D. Ullman and John E. Hopcroft},
  title = {Introduction to automata theory, languages, and computation},
  publisher = {Pearson},
  address = {Harlow},
  year = {2014},
  edition = {Third},
  ISBN = {9781292039053},
}

@book{Kopka2004,
  author = {Helmut Kopka and Patrick W. Daly},
  title = {LATEX},
  subtitle = {podrobný průvodce},
  publisher = {Computer Press},
  address = {Brno},
  year = {2004},
  ISBN = {80-7226-973-9},
}





@inproceedings{exponential:queries,
 author = {Mandhani, Bhushan and Suciu, Dan},
 title = {Query Caching and View Selection for XML Databases},
 booktitle = {Proceedings of the 31st International Conference on Very Large Data Bases},
 series = {VLDB '05},
 year = {2005},
 isbn = {1-59593-154-6},
 location = {Trondheim, Norway},
 pages = {469--480},
 numpages = {12},
 url = {http://dl.acm.org/citation.cfm?id=1083592.1083648},
 acmid = {1083648},
 publisher = {VLDB Endowment}
}

@inproceedings{dietz1982maintaining,
  title={Maintaining order in a linked list},
  author={Dietz, Paul F},
  booktitle={Proceedings of the fourteenth annual ACM symposium on Theory of computing},
  pages={122--127},
  year={1982},
  organization={ACM}
}

@MISC{ ebnf,
  AUTHOR = "{BSI (British Standards Institution)}",
  TITLE  = {BS 6154:1981 Method of defining -- syntactic metalanguage},
  YEAR   = {1981},
  ISBN   = {ISBN 0-580-12530-0},
}

@BOOK{ xml:technologie,
  AUTHOR =    {Jaroslav Pokorný},
  TITLE =     {XML Technologie -- Principy a aplikace v praxi},
  PUBLISHER = {Grada Publishing, a.s.},
  ADDRESS =   {Praha},
  YEAR =      {2008},
  ISBN =      {978-80-247-2725-7},
}


@inproceedings{def:2,
	author={Leonid Libkin},
	year={2005},
	isbn={978-3-540-27580-0},
	booktitle={Automata, Languages and Programming},
	volume={3580},
	series={Lecture Notes in Computer Science},
	editor={Caires, Luís and Italiano, Giuseppe and Monteiro, Luís and Palamidessi, Catuscia and Yung, Moti},
	title={Logics for Unranked Trees: An Overview},
	publisher={Springer Berlin Heidelberg},
	pages={35--50},
}


@inproceedings{ def:1,
	author={Frank Neven},
	year={2002},
	isbn={978-3-540-44240-0},
	booktitle={Computer Science Logic},
	volume={2471},
	series={Lecture Notes in Computer Science},
	editor={Bradfield, Julian},
	title={Automata, Logic, and XML},
	publisher={Springer Berlin Heidelberg},
	pages={2--26},
}

@MISC{xml:w3c,
  AUTHOR = {Bray T. Paoli J. Sperberg-McQueen C. et al},
  TITLE  = {Extensible Markup Language (XML) 1.0},
  PUBLISHER = { W3C },
  YEAR   = {Nov 2008},
  URL    = {http://www.w3.org/XML},
  URLDATE= {2015-02-05},
}

@inproceedings{ xml:index:9,
 author = {Chung, Chin-Wan and Min, Jun-Ki and Shim, Kyuseok},
 title = {APEX: An Adaptive Path Index for XML Data},
 booktitle = {Proceedings of the 2002 ACM SIGMOD International Conference on Management of Data},
 series = {SIGMOD '02},
 year = {2002},
 isbn = {1-58113-497-5},
 location = {Madison, Wisconsin},
 pages = {121--132},
 numpages = {12},
 doi = {10.1145/564691.564706},
 acmid = {564706},
 publisher = {ACM},
 address = {New York, NY, USA}
}

@inproceedings{ xml:index:8,
year={2007},
isbn={978-3-540-71702-7},
booktitle={Advances in Databases: Concepts, Systems and Applications},
volume={4443},
series={Lecture Notes in Computer Science},
editor={Kotagiri, Ramamohanarao and Krishna, P. Radha and Mohania, Mukesh and Nantajeewarawat, Ekawit},
title={AB-Index: An Efficient Adaptive Index for Branching XML Queries},
url={http://dx.doi.org/10.1007/978-3-540-71703-4_90},
publisher={Springer Berlin Heidelberg},
author={Zhang, Bo and Wang, Wei and Wang, Xiaoling and Zhou, Aoying},
pages={988--993},
}

@inproceedings{ xml:index:10,
 author = {Li, Quanzhong and Moon, Bongki},
 title = {Indexing and Querying XML Data for Regular Path Expressions},
 booktitle = {Proceedings of the 27th International Conference on Very Large Data Bases},
 series = {VLDB '01},
 year = {2001},
 isbn = {1-55860-804-4},
 pages = {361--370},
 numpages = {10},
 url = {http://dl.acm.org/citation.cfm?id=645927.672035},
 acmid = {672035},
 publisher = {Morgan Kaufmann Publishers Inc.},
 address = {San Francisco, CA, USA}
}

@inproceedings{ xml:index:7,
author={Rao, P. and Moon, B.},
booktitle={Data Engineering, 2004. Proceedings. 20th International Conference on},
title={PRIX: indexing and querying XML using prufer sequences},
year={2004},
month={March},
pages={288--299},
keywords={XML;database indexing;pattern matching;query processing;sequences;tree data structures;trees (mathematics);B-tree;Prufer sequence;XML database;XML document indexing;false alarm;holistic processing;query processing;refinement phase;root-to-leaf path;twig pattern processing;Computer science;Databases;Indexing;Information representation;Internet;Merging;Moon;Pattern matching;Query processing;XML},
doi={10.1109/ICDE.2004.1320005},
ISSN={1063-6382}
}

@inproceedings{ xml:index:11,
 author = {Wang, Haixun and Park, Sanghyun and Fan, Wei and Yu, Philip S.},
 title = {ViST: A Dynamic Index Method for Querying XML Data by Tree Structures},
 booktitle = {Proceedings of the 2003 ACM SIGMOD International Conference on Management of Data},
 series = {SIGMOD '03},
 year = {2003},
 isbn = {1-58113-634-X},
 location = {San Diego, California},
 pages = {110--121},
 numpages = {12},
 doi = {10.1145/872757.872774},
 acmid = {872774},
 publisher = {ACM},
 address = {New York, NY, USA},
}

@inproceedings{ xml:index:2,
author = {Qinghua Zou and Shaorong Liu and Wesley W. Chu},
title = {Ctree: a compact tree for indexing XML data},
booktitle = {Web Information and Data Management},
year = {2004},
pages = {39--46},
doi = {10.1145/1031453.1031462},
masid = {1242245}
}

@inproceedings{ xml:index:1,
 author = {Pettovello, P. Mark and Fotouhi, Farshad},
 title = {MTree: An XML XPath Graph Index},
 booktitle = {Proceedings of the 2006 ACM Symposium on Applied Computing},
 series = {SAC '06},
 year = {2006},
 isbn = {1-59593-108-2},
 location = {Dijon, France},
 pages = {474--481},
 numpages = {8},
 doi = {10.1145/1141277.1141389},
 acmid = {1141389},
 publisher = {ACM},
 address = {New York, NY, USA},
 keywords = {XML, XPath, graph, index, threaded paths}
}

@inproceedings{ xml:index:5,
 author = {Kaushik, Raghav and Bohannon, Philip and Naughton, Jeffrey F and Korth, Henry F},
 title = {Covering Indexes for Branching Path Queries},
 booktitle = {Proceedings of the 2002 ACM SIGMOD International Conference on Management of Data},
 series = {SIGMOD '02},
 year = {2002},
 isbn = {1-58113-497-5},
 location = {Madison, Wisconsin},
 pages = {133--144},
 numpages = {12},
 doi = {10.1145/564691.564707},
 acmid = {564707},
 publisher = {ACM},
 address = {New York, NY, USA}
}

@inproceedings{ xml:index:3,
author={Nan Tang and Yu, J.X. and Ozsu, M.T. and Kam-Fai Wong},
booktitle={Data Engineering, 2008. On ICDE 2008, IEEE 24th International Conference},
title={Hierarchical Indexing Approach to Support XPath Queries},
year={2008},
month={April},
pages={1510--1512},
keywords={XML;indexing;query processing;XML path indexing;XPath queries;hierarchical indexing approach;Books;Database languages;Indexing;Robustness;XML},
doi={10.1109/ICDE.2008.4497606}
}

@inproceedings{ xml:index:6,
year={1999},
isbn={978-3-540-65452-0},
booktitle={Database Theory -- ICDT’99},
volume={1540},
series={Lecture Notes in Computer Science},
editor={Beeri, Catriel and Buneman, Peter},
title={Index Structures for Path Expressions},
url={http://dx.doi.org/10.1007/3-540-49257-7_18},
publisher={Springer Berlin Heidelberg},
author={Milo, Tova and Suciu, Dan},
pages={277--295},
}


@book{DBLP:books/ox/CrochemoreR94,
  author    = {Maxime Crochemore and
               Wojciech Rytter},
  title     = {Text Algorithms},
  publisher = {Oxford University Press},
  year      = {1994},
  isbn      = {0-19-508609-0},
  ee        = {http://www-igm.univ-mlv.fr/$\sim$mac/REC/B1.html, http://www.mimuw.edu.pl/$\sim$rytter/BOOKS/text-algorithms.pdf},
  bibsource = {DBLP, http://dblp.uni-trier.de}
}

@book{crochemore2007algorithms,
  title={Algorithms on strings},
  author={Crochemore, Maxime and Hancart, Christophe and Lecroq, Thierry},
  year={2007},
  publisher={Cambridge Univ Pr}
}


@MISC{ xpath:w3c,
  AUTHOR = {Clark, J. and DeRose, S.},
  TITLE  = {XML Path Language (XPath) Version 1.0},
  PUBLISHER = { W3C },
  YEAR   = {Nov 1999},
  URL    = {http://www.w3.org/TR/xpath},
  CITEDATE= {2015-02-03},
  howpublished = {online}
}

@MISC{ xpointer:w3c,
  AUTHOR = {DeRose, S.},
  TITLE  = {XML Pointer Language (XPointer)},
  PUBLISHER = { W3C },
  YEAR   = {2002},
  URL    = {http://www.w3.org/TR/xptr},
  CITEDATE= {2015-03-04},
  howpublished = {online}
}

@MISC{ xlink:w3c,
  AUTHOR = {DeRose, S.},
  TITLE  = {XML Linking Language (XLink) Version 1.0},
  PUBLISHER = { W3C },
  YEAR   = {2001},
  URL    = {http://www.w3.org/TR/xlink},
  URLDATE= {2015-03-04},
  CITEDATE= {2015-03-04},
  howpublished = {online}
}

@MISC{arbology,
  AUTHOR = {Bořivoj Melichar and Jan Janoušek and Tomáš Flouri},
  PUBLISHER = {CTU, Faculty of Information Technology},
  TITLE  = {Introduction to Arbology},
  URL= {https://edux.fit.cvut.cz/oppa/PI-ARB/prednasky/arbology.pdf},
  howpublished = {online},
  citedate = {2015/05/01},
}

@inproceedings{papakonstantinou1995object,
  title={Object exchange across heterogeneous information sources},
  author={Papakonstantinou, Yannis and Garcia-Molina, Hector and Widom, Jennifer},
  booktitle={Data Engineering, 1995. Proceedings of the Eleventh International Conference on},
  pages={251--260},
  year={1995},
  organization={IEEE}
}

@article{mchugh1997lore,
  title={Lore: A database management system for semistructured data},
  author={McHugh, Jason and Abiteboul, Serge and Goldman, Roy and Quass, Dallan and Widom, Jennifer},
  journal={SIGMOD record},
  volume={26},
  number={3},
  pages={54--66},
  year={1997}
}

@techreport{goldman1997dataguides,
  title={Dataguides: Enabling query formulation and optimization in semistructured databases},
  author={Goldman, Roy and Widom, Jennifer},
  year={1997},
  institution={Stanford}
}

@inproceedings{nestorov1997representative,
  title={Representative objects: Concise representations of semistructured, hierarchical data},
  author={Nestorov, Svetlozar and Ullman, Jeffrey and Wiener, Janet and Chawathe, Sudarashan},
  booktitle={Data Engineering, 1997. Proceedings. 13th International Conference on},
  pages={79--90},
  year={1997},
  organization={IEEE}
}

@article{goldman1999semistructured,
  title={From semistructured data to XML: Migrating the Lore data model and query language},
  author={Goldman, Roy and McHugh, Jason and Widom, Jennifer},
  year={1999}
}

@article{dasg:1,
title = {Searching subsequences},
journal = {Theoretical Computer Science},
volume = {78},
number = {2},
pages = {363--376},
year = {1991},
issn = {0304-3975},
doi = {http://dx.doi.org/10.1016/0304-3975(91)90358-9},
url = {http://www.sciencedirect.com/science/article/pii/0304397591903589},
author = {Ricardo A. Baeza-Yates}
}

@article{dasg:3,
title = {Directed acyclic subsequence graph -- Overview},
journal = {Journal of Discrete Algorithms},
volume = {1},
number = {3-4},
pages = {255--280},
year = {2003},
issn = {1570-8667},
url = {http://www.sciencedirect.com/science/article/pii/S1570866703000297},
author = {Maxime Crochemore and Bořivoj Melichar and Zdeněk Troníček},
keywords = "Searching subsequences",
keywords = "Directed acyclic subsequence graph",
keywords = "Subsequence automation "
}

@INPROCEEDINGS{dasg:4,
author={Hoshino, H. and Shinohara, A. and Takeda, M. and Arikawa, S.},
booktitle={String Processing and Information Retrieval, 2000. SPIRE 2000. Proceedings. Seventh International Symposium on},
title={Online construction of subsequence automata for multiple texts},
year={2000},
month={},
pages={146--152},
keywords={computational complexity;deterministic automata;finite automata;query processing;set theory;text analysis;alphabet;deterministic finite automaton;minimum automaton;multiple texts;online algorithm;online construction;preprocessing;subsequence automata;subsequence automaton;Automata;Computational complexity;Data structures;Gain measurement;Informatics;Machine learning;Machine learning algorithms;Text recognition;Upper bound},
doi={10.1109/SPIRE.2000.878190},}

@incollection{dasg:5,
year={2002},
isbn={978-3-540-44158-8},
booktitle={String Processing and Information Retrieval},
volume={2476},
series={Lecture Notes in Computer Science},
editor={Laender, AlbertoH.F. and Oliveira, ArlindoL.},
title={On the Size of DASG for Multiple Texts},
url={http://dx.doi.org/10.1007/3-540-45735-6_6},
publisher={Springer Berlin Heidelberg},
author={Crochemore, Maxime and Troníček, Zdeněk},
pages={58-64},
}

@misc{dataset:xmark,
  title = {XMark -- An XML Benchmark Project},
  author = {Schimdt{, et al}},
  url = {http://www.xml-benchmark.org/},
  howpublished = {online},
  citedate = {2015/04/27}
}

@misc{saxon,
  title = {SAXON -- The XSLT and XQuery Processor},
  author = {{SAXONICA}},
  url = {http://saxon.sourceforge.net/},
  howpublished = {online},
  citedate = {2015/04/28}
}

@misc{xmlgen,
  title = {xmlgen -- faq},
  author = {Florian Waas},
  url = {http://www.xml-benchmark.org/faq.txt},
  howpublished = {online},
  citedate = {2015/04/27}
}

@article{rabin1959finite,
  title="Finite automata and their decision problems",
  author="Michael O Rabin and Dana Scott",
  journal={IBM journal of research and development},
  volume={3},
  number={2},
  pages={114--125},
  year={1959},
  publisher={IBM}
}

@article{p4original,
  title     = {P4: Programming protocol-independent packet processors},
  author    = {Bosshart, Pat and Daly, Dan and Gibb, Glen and Izzard, Martin and McKeown, Nick and Rexford, Jennifer and Schlesinger, Cole and Talayco, Dan and Vahdat, Amin and Varghese, George and others},
  journal   = {ACM SIGCOMM Computer Communication Review},
  volume    = {44},
  number    = {3},
  pages     = {87--95},
  year      = {2014},
  publisher = {ACM New York, NY, USA}
}

@article{p416,
  author     = {Budiu, Mihai and Dodd, Chris},
  title      = {The P416 Programming Language},
  year       = {2017},
  issue_date = {August 2017},
  publisher  = {Association for Computing Machinery},
  address    = {New York, NY, USA},
  volume     = {51},
  number     = {1},
  issn       = {0163-5980},
  url        = {https://doi.org/10.1145/3139645.3139648},
  doi        = {10.1145/3139645.3139648},
  abstract   = {P4 is a language for expressing how packets are processed by the data-plane of a programmable network element such as a hardware or software switch, network interface card, router or network function appliance. This document describes the most recent version of the language, P416, and the reference implementation of the P416 compiler.},
  journal    = {SIGOPS Oper. Syst. Rev.},
  month      = {sep},
  pages      = {5--14},
  numpages   = {10}
}

@online{p416:v1:spec:comparison,
  author  = {The P4 Language Consortium},
  title   = {\pfs {L}anguage {S}pecification v1.0.0 --- p4.org},
  url     = {https://p4.org/p4-spec/docs/P4-16-v1.0.0-spec.html#sec-p4-language-evolution--comparison-to-previous-versions-p4-v10v11},
  year    = {2017},
  urldate = {2023-03-06}
}

@online{p416:v123:spec,
  author  = {The P4 Language Consortium},
  title   = {\pfs {L}anguage {S}pecification v1.2.3 --- p4.org},
  url     = {https://p4.org/p4-spec/docs/P4-16-v-1.2.3.html},
  year    = {2022},
  urldate = {2023-03-06}
}

@misc{semver,
  author  = {Tom Preston-Werner},
  title   = {{S}emantic {V}ersioning 2.0.0 --- semver.org},
  url     = {https://semver.org/},
  urldate = {2023-03-06}
}

@article{doenges2021petr4,
  title   = {Petr4: formal foundations for p4 data planes},
  author  = {Doenges, Ryan and Arashloo, Mina Tahmasbi and Bautista, Santiago and Chang, Alexander and Ni, Newton and Parkinson, Samwise and Peterson, Rudy and Solko-Breslin, Alaia and Xu, Amanda and Foster, Nate},
  journal = {Proceedings of the ACM on Programming Languages},
  volume  = {5},
  number  = {POPL},
  year    = {2021}
}

@inproceedings{sultana2021flightplan,
  title     = {Flightplan: Dataplane Disaggregation and Placement for P4 Programs.},
  author    = {Sultana, Nik and Sonchack, John and Giesen, Hans and Pedisich, Isaac and Han, Zhaoyang and Shyamkumar, Nishanth and Burad, Shivani and DeHon, Andr{\'e} and Loo, Boon Thau},
  booktitle = {NSDI},
  volume    = {21},
  pages     = {571--592},
  year      = {2021}
}

@article{antichi2014osnt,
  title     = {OSNT: Open source network tester},
  author    = {Antichi, Gianni and Shahbaz, Muhammad and Geng, Yilong and Zilberman, Noa and Covington, Adam and Bruyere, Marc and McKeown, Nick and Feamster, Nick and Felderman, Bob and Blott, Michaela and others},
  journal   = {IEEE Network},
  volume    = {28},
  number    = {5},
  pages     = {6--12},
  year      = {2014},
  publisher = {IEEE}
}

@inproceedings{namkung2022sketchlib,
  title     = {Sketchlib: Enabling efficient sketch-based monitoring on programmable switches},
  author    = {Namkung, Hun and Liu, Zaoxing and Kim, Daehyeok and Sekar, Vyas and Steenkiste, Peter and Liu, G and Li, A and Canel, C and Philip, AA and Ware, R and others},
  booktitle = {19th USENIX Symposium on Networked Systems Design and Implementation (NSDI 22)},
  pages     = {743--759},
  year      = {2022}
}

@article{liatifis2023advancingp4survey,
  title     = {Advancing SDN from OpenFlow to P4: A Survey},
  author    = {Liatifis, Athanasios and Sarigiannidis, Panagiotis and Argyriou, Vasileios and Lagkas, Thomas},
  journal   = {ACM Computing Surveys},
  volume    = {55},
  number    = {9},
  pages     = {1--37},
  year      = {2023},
  publisher = {ACM New York, NY}
}

@online{dpdkDPDKRelease,
  title   = {9. {D}{P}{D}{K} {R}elease 20.11 2014; {D}ata {P}lane {D}evelopment {K}it 23.03.0-rc1 documentation --- doc.dpdk.org},
  url     = {https://doc.dpdk.org/guides/rel_notes/release_20_11.html},
  urldate = {2023-03-06}
}

@online{p4onf,
  title   = {{O}pen {N}etworking {F}oundation -- p4c; {P}4 {L}anguage {C}onsortium --- p4.org},
  url     = {https://p4.org/products/p4c/},
  urldate = {2023-03-07}
}

@online{p4insight,
  title   = {{I}ntel -- {P}4 {I}nsight; {P}4 {L}anguage {C}onsortium --- p4.org},
  url     = {https://p4.org/products/intel-p4-insight/},
  urldate = {2023-03-07}
}

@online{sdtimesCodenvyMicrosoft,
  author  = {Alex Handy},
  title   = {{C}odenvy, {M}icrosoft and {R}ed {H}at collaborate on {L}anguage {S}erver {P}rotocol - {S}{D} {T}imes --- sdtimes.com},
  url     = {https://sdtimes.com/che/codenvy-microsoft-red-hat-collaborate-language-server-protocol/},
  urldate = {2023-03-07}
}

@misc{infoworldMicrosoftbackedLanguage,
  author  = {Paul Krill},
  title   = {{M}icrosoft-backed {L}anguage {S}erver {P}rotocol strives for language, tools interoperability --- infoworld.com},
  url     = {https://www.infoworld.com/article/3088698/microsoft-backed-langauge-server-protocol-strives-for-language-tools-interoperability.html},
  urldate = {2023-03-07}
}

@article{bour2018merlin,
  title     = {Merlin: a language server for OCaml (experience report)},
  author    = {Bour, Fr{\'e}d{\'e}ric and Refis, Thomas and Scherer, Gabriel},
  journal   = {Proceedings of the ACM on Programming Languages},
  volume    = {2},
  number    = {ICFP},
  pages     = {1--15},
  year      = {2018},
  publisher = {ACM New York, NY, USA}
}

@inproceedings{barros2022editing,
  title     = {Editing support for software languages: implementation practices in language server protocols},
  author    = {Barros, Djonathan and Peldszus, Sven and Assun{\c{c}}{\~a}o, Wesley KG and Berger, Thorsten},
  booktitle = {Proceedings of the 25th International Conference on Model Driven Engineering Languages and Systems},
  pages     = {232--243},
  year      = {2022}
}

@online{pfpl1oplss2019,
  title   = {{P}ractical {F}oundations for {P}rogramming {L}anguages [1/4] -- Robert Harper -- OPLSS 2019},
  author  = {Harper, Robert},
  date    = {2019-06-19},
  url     = {https://youtu.be/8cXl2Tfhy_Q?t=2169},
  urldate = {2023-03-07},
}

@online{exuberant_ctags,
  author  = {Darren Hiebert},
  title   = {{E}xuberant {C}tags --- ctags.sourceforge.net},
  url     = {https://ctags.sourceforge.net/},
  urldate = {2023-03-14},
}

@inproceedings{codelens_comparison,
  title        = {Comparison of maintainability index measurement from Microsoft Codelens and line of code},
  author       = {Kencana, Gilang Heru and Saleh, Akuwan and Darwito, Haryadi Amran and Rachmadi, R Rizki and Sari, Elsa Mayang},
  booktitle    = {2020 7th International Conference on Electrical Engineering, Computer Sciences and Informatics (EECSI)},
  pages        = {235--239},
  year         = {2020},
  organization = {IEEE}
}

@online{haskell_ls,
  title   = {{H}askell {L}anguage {S}erver -- GitHub.com},
  url     = {https://github.com/haskell/haskell-language-server},
  urldate = {2023-03-15},
}

@online{vscode_spellcheck,
  title   = {{L}T$_\text{E}$X},
  url     = {https://valentjn.github.io/ltex/faq.html#whats-the-difference-between-vscode-ltex-ltex-ls-and-languagetool},
  urldate = {2023-03-15},
}

@online{stackoverflow_survey_2022,
  author   = {Stack {O}verflow},
  title    = {Stack {O}verflow Developer Survey 2022},
  url      = {https://survey.stackoverflow.co/2022},
  abstract = {With over 70,000 responses fielded from over 180 countries, our Annual Developer Survey examines all aspects of the developer experience from learning to code to their favorite technologies to version control and the workplace experience of professional developers.},
  urldate  = {2023-03-16},
  date     = {2022-06-22},
}

@inproceedings{dubroy2017incremental_packrat_parsing,
  title     = {Incremental packrat parsing},
  author    = {Dubroy, Patrick and Warth, Alessandro},
  booktitle = {Proceedings of the 10th ACM SIGPLAN International Conference on Software Language Engineering},
  pages     = {14--25},
  year      = {2017}
}

@online{roslyn_apis,
  url     = {https://learn.microsoft.com/en-us/dotnet/csharp/roslyn-sdk/compiler-api-model?source=recommendations},
  urldate = {2023-04-04},
}

@online{roslyn_red_green_trees,
  url     = {https://ericlippert.com/2012/06/08/red-green-trees/},
  urldate = {2023-04-04},
  date    = {2012-06-08},
}

% https://rustc-dev-guide.rust-lang.org/overview.html#queries
% https://www.youtube.com/watch?v=wSdV1M7n4gQ
% https://github.com/ollef/rock

@article{ford2002packrat,
  title     = {Packrat parsing: simple, powerful, lazy, linear time, functional pearl},
  author    = {Ford, Bryan},
  journal   = {ACM SIGPLAN Notices},
  volume    = {37},
  number    = {9},
  pages     = {36--47},
  year      = {2002},
  publisher = {ACM New York, NY, USA}
}

@inproceedings{ford2004parsing,
  title     = {Parsing expression grammars: a recognition-based syntactic foundation},
  author    = {Ford, Bryan},
  booktitle = {Proceedings of the 31st ACM SIGPLAN-SIGACT symposium on Principles of programming languages},
  pages     = {111--122},
  year      = {2004}
}

@article{graham1975practical,
  title     = {Practical syntactic error recovery},
  author    = {Graham, Susan L and Rhodes, Steven P},
  journal   = {Communications of the ACM},
  volume    = {18},
  number    = {11},
  pages     = {639--650},
  year      = {1975},
  publisher = {ACM New York, NY, USA}
}

@inproceedings{redziejowski2009mouse,
  title     = {Mouse: from parsing expressions to a practical parser},
  author    = {Redziejowski, Roman R},
  booktitle = {Concurrency specification and programming workshop},
  year      = {2009}
}

@inproceedings{maidl2013exception,
  title        = {Exception handling for error reporting in parsing expression grammars},
  author       = {Maidl, Andr{\'e} Murbach and Mascarenhas, Fabio and Ierusalimschy, Roberto},
  booktitle    = {Programming Languages: 17th Brazilian Symposium, SBLP 2013, Bras{\'i}lia, Brazil, October 3-4, 2013. Proceedings 17},
  pages        = {1--15},
  year         = {2013},
  organization = {Springer}
}

@inproceedings{demedeiros2016parsing,
  title     = {A parsing machine for parsing expression grammars with labeled failures},
  author    = {de Medeiros, S{\'e}rgio and Mascarenhas, Fabio},
  booktitle = {Proceedings of the 31st Annual ACM Symposium on Applied Computing},
  pages     = {1960--1967},
  year      = {2016}
}

@inproceedings{demedeiros2018syntax,
  title     = {Syntax error recovery in parsing expression grammars},
  author    = {de Medeiros, S{\'e}rgio and Mascarenhas, Fabio},
  booktitle = {Proceedings of the 33rd Annual ACM Symposium on Applied Computing},
  pages     = {1195--1202},
  year      = {2018}
}

@article{demedeiros2020automatic,
  title     = {Automatic syntax error reporting and recovery in parsing expression grammars},
  author    = {de Medeiros, S{\'e}rgio Queiroz and Junior, Gilney de Azevedo Alvez and Mascarenhas, Fabio},
  journal   = {Science of Computer Programming},
  volume    = {187},
  pages     = {102373},
  year      = {2020},
  publisher = {Elsevier}
}

@phdthesis{ford2002packrat_non_func,
  title  = {Packrat parsing: a practical linear-time algorithm with backtracking},
  author = {Ford, Bryan},
  year   = {2002},
  school = {Massachusetts Institute of Technology}
}
